@misc{FER2013,
	 author = {Dumitru, Ian Goodfellow, Will Cukierski, Yoshua Bengio},
	 title = {Challenges in Representation Learning: Facial Expression Recognition Challenge},
	 publisher = {Kaggle},
	 year = {2013},
	 url ={https://kaggle.com/competitions/challenges-in-representation-learning-facial-expression-recognition-challenge} } 

	
@inproceedings{barsoum2016training,
title={Training deep networks for facial expression recognition with crowd-sourced label distribution},
author={Barsoum, Emad and Zhang, Cha and Ferrer, Cristian Canton and Zhang, Zhengyou},
booktitle={Proceedings of the 18th ACM international conference on multimodal interaction},
pages={279--283},
year={2016}
}

@incollection{torch,
title = {PyTorch: An Imperative Style, High-Performance Deep Learning Library},
author = {Paszke, Adam and Gross, Sam and Massa, Francisco and Lerer, Adam and Bradbury, James and Chanan, Gregory and Killeen, Trevor and Lin, Zeming and Gimelshein, Natalia and Antiga, Luca and Desmaison, Alban and Kopf, Andreas and Yang, Edward and DeVito, Zachary and Raison, Martin and Tejani, Alykhan and Chilamkurthy, Sasank and Steiner, Benoit and Fang, Lu and Bai, Junjie and Chintala, Soumith},
booktitle = {Advances in Neural Information Processing Systems 32},
pages = {8024--8035},
year = {2019},
publisher = {Curran Associates, Inc.},
url = {http://papers.neurips.cc/paper/9015-pytorch-an-imperative-style-high-performance-deep-learning-library.pdf}
}


@inproceedings{he2016deep,
  title={Deep residual learning for image recognition},
  author={He, Kaiming and Zhang, Xiangyu and Ren, Shaoqing and Sun, Jian},
  booktitle={Proceedings of the IEEE conference on computer vision and pattern recognition},
  pages={770--778},
  year={2016}
}

@misc{howard2018fastai,
  title={fastai},
  author={Howard, Jeremy and others},
  year={2018},
  publisher={GitHub},
  howpublished={\url{https://github.com/fastai/fastai}},
}